<?xml version="1.0" encoding="UTF-8"?><collection xmlns="http://www.loc.gov/MARC21/slim"><record><leader>00398nam--2200145-i-4500</leader><controlfield tag="001">000011842</controlfield><controlfield tag="002">20161230</controlfield><controlfield tag="005">20161230201029</controlfield><controlfield tag="008">060222s1000------------r-----000-0-eng-d</controlfield><datafield ind1=" " ind2=" " tag="245"><subfield code="a">Banach center publications. mathematical control theory</subfield></datafield><datafield ind1=" " ind2=" " tag="260"><subfield code="a">Warszawa, Pvn-polish Scientific Publishers, 1976</subfield></datafield><datafield ind1=" " ind2=" " tag="490"><subfield code="v">Vol.1</subfield></datafield><datafield ind1=" " ind2=" " tag="700"><subfield code="a">Szymon Doleki</subfield></datafield><datafield ind1=" " ind2=" " tag="852"><subfield code="a">43789</subfield></datafield><datafield ind1=" " ind2=" " tag="CAT"><subfield code="a">Sys</subfield><subfield code="c">20080411</subfield><subfield code="h">090943</subfield></datafield></record></collection>